@article{albright2009,
  title   = {Predicting innovative alternations in {K}orean verb paradigms},
  author  = {Albright, Adam and Kang, Yoonjung},
  journal = {Current issues in unity and diversity of languages: Collection of the papers selected from the {CIL} 18, held at {K}orea {U}niversity in {S}eoul},
  pages   = {1--20},
  year    = {2009}
}