@article{albright2009,
  title   = {Predicting innovative alternations in {K}orean verb paradigms},
  author  = {Albright, Adam and Kang, Yoonjung},
  journal = {Current issues in unity and diversity of languages: Collection of the papers selected from the 18th International Conference of Linguistics},
  address = {Seoul, Korea},
  pages   = {1--20},
  year    = {2009}
}

@inproceedings{tenenbaum1999,
  author    = {Tenenbaum, Joshua},
  booktitle = {Advances in Neural Information Processing Systems},
  editor    = {M. Kearns and S. Solla and D. Cohn},
  pages     = {},
  address   = {Cambridge, MA},
  publisher = {MIT Press},
  title     = {Bayesian Modeling of Human Concept Learning},
  url       = {https://proceedings.neurips.cc/paper/1998/file/d010396ca8abf6ead8cacc2c2f2f26c7-Paper.pdf},
  volume    = {11},
  year      = {1999}
}